% This file was created with JabRef 2.6.
% Encoding: Cp1252

@BOOK{bentley:1999,
  title = {{P}rogramming {P}earls},
  publisher = {Addison--Wesley},
  year = {1999},
  author = {Jon Bentley},
  address = {Boston, MA, USA},
  edition = {2nd}
}

@BOOK{bringhurst:2002,
  title = {{T}he {E}lements of {T}ypographic {S}tyle},
  publisher = {Hartley \& Marks Publishers},
  year = {2008},
  author = {Robert Bringhurst},
  series = {Version 3.2},
  address = {Point Roberts, WA, USA}
}

@BOOK{cormen:2001,
  title = {{I}ntroduction to {A}lgorithms},
  publisher = {The MIT Press},
  year = {2001},
  author = {Cormen, Thomas H. and Leiserson, Charles E. and Rivest, Ronald L.
	and Clifford Stein},
  address = {Cambridge, MA, USA},
  edition = {2nd}
}

@BOOK{dueck:trio,
  title = {{D}ueck's {T}rilogie: {O}mnisophie -- {S}upramanie -- {T}opothesie},
  publisher = {Springer, Berlin},
  year = {2005},
  author = {Gunter Dueck},
  note = {\url{http://www.omnisophie.com}}
}

@ARTICLE{knuth:1976,
  author = {Knuth, Donald E.},
  title = {{B}ig {O}micron and {B}ig {O}mega and {B}ig {T}heta},
  journal = {SIGACT News},
  year = {1976},
  volume = {8},
  pages = {18--24},
  number = {2},
  month = {April/June},
  address = {New York, NY, USA},
  publisher = {ACM Press}
}

@ARTICLE{knuth:1974,
  author = {Knuth, Donald E.},
  title = {{C}omputer {P}rogramming as an {A}rt},
  journal = {Communications of the ACM},
  year = {1974},
  volume = {17},
  pages = {667--673},
  number = {12},
  month = {December },
  address = {New York, NY, USA},
  publisher = {ACM Press}
}

@BOOK{sommerville:1992,
  title = {{S}oftware {E}ngineering},
  publisher = {Addison-Wesley},
  year = {1992},
  author = {Ian Sommerville},
  address = {Boston, MA, USA},
  edition = {4th}
}

@BOOK{joyofclojure,
title = {Joy of {C}lojure},
publisher = {Manning},
year = 2011,
author = {Michael Fogus, Chris Houser},
edition = {1st}}

 @misc{ wiki:test,
   author = "Wikipedia",
   title = "Plagiarism --- {W}ikipedia{,} The Free Encyclopedia",
   year = "2004",
   url = "http://en.wikipedia.org/w/index.php?title=Plagiarism",
   note = "[Online; accessed 22-July-2004]"
 }

@booklet{faa:fdr,
author = "Federal Aviation Administration, FAA",
title = "Flight Data Recorder Systems",
year = "2007"
}

@misc{google:earth,
author = "{Google Inc.}",
title = "Google Earth",
year = "2013",
howpublished = "\url{http://www.google.com/earth/explore/products}"
}
@misc{google:kml,
author = "{Google Inc.}",
title = "{KML Reference}",
year = "2013",
howpublished = "\url{https://developers.google.com/kml/documentation/kmlreference}"}

@misc{google:browser-plugin,
author = "{Google Inc.}",
title = "Google {E}arth {P}lug-in",
year = "2013",
howpublished = "\url{http://www.google.com/earth/explore/products/plugin.html}"}

@misc{google:earth-api,
author = "{Google Inc.}",
title = "{Google Earth API Developer's Guide}",
year = "2013",
howpublished = "\url{https://developers.google.com/earth/documentation/}"}

@misc{clojure:features,
author = "Rich Hickey",
title = "Clojure, features",
year = "2008",
howpublished = "\url{http://clojure.org/features}"}

@misc{clojure:ds,
author = "Rich Hickey",
title = "Clojure, {D}ata {S}tructures",
year = "2008",
howpublished = "\url{http://clojure.org/data_structures}"}

@misc{clojure:interop,
author = "Rich Hickey",
title = "Clojure, Java Interop",
year = "2008",
howpublished = "\url{http://clojure.org/java_interop}"}

@misc{clojure:data.xml,
author = "{Clojure Org.}",
title = "Github: clojure.data.xml",
year = "2013",
howpublished = "\url{https://github.com/clojure/data.xml}"
}

@misc{clojure:data.zip,
author = "{Clojure Org.}",
title = "Github: clojure.data.zip",
year = "2013",
howpublished = "\url{https://github.com/clojure/data.zip}"
}
@misc{ch:xml,
author = "Jeff Atwood",
title = "XML: The Angle Bracket Tax",
year = "2008",
month = "May",
howpublished = "\url{http://www.codinghorror.com/blog/2008/05/xml-the-angle-bracket-tax.html}"}

@misc{clj:hiccup,
author = "James Reeves",
title = "Hiccup",
year = "2013",
howpublished = "\url{https://github.com/weavejester/hiccup}"}

@misc{latlong,
author = "Chris Veness",
title = "Calculate distance, bearing and more between Latitude/Longitude points",
year = "2013",
howpublished = "\url{http://www.movable-type.co.uk/scripts/latlong.html}"}

@misc{clj:seesaw,
author = "Dave Ray",
title = "Seesaw turns the Horror of Swing into a friendly, well-documented, Clojure library",
year = "2012",
howpublished = "\url{https://github.com/daveray/seesaw}"}

@misc{ogs:kml,
author = "Sam Bacharach",
title = "OGC Approves KML as Open Standard",
year = "2008",
howpublished = "\url{http://www.opengeospatial.org/pressroom/pressreleases/857}"}
